@misc{wikipedia_insurance, title={Insurance}, url={https://en.wikipedia.org/wiki/Insurance}, journal={Wikipedia}, publisher={Wikimedia Foundation}, year={2020}, month={Jul}}

@misc{wikipedia_reinsurance, title={Reinsurance}, url={https://en.wikipedia.org/wiki/Reinsurance}, journal={Wikipedia}, publisher={Wikimedia Foundation}, year={2020}, month={Jul}}

@book{carter2013reinsurance,
    title={Reinsurance},
    author={Carter, Robert L},
    year={2013},
    publisher={Springer Science \& Business Media}
}